<?xml version="1.0" encoding="UTF-8"?><record xmlns="http://www.loc.gov/MARC21/slim" xmlns:cinclude="http://apache.org/cocoon/include/1.0" xmlns:zs="http://www.loc.gov/zing/srw/">
  <leader>00541cz  a2200157n  4500</leader>
  <controlfield tag="001">nr 96000326 </controlfield>
  <controlfield tag="003">DLC</controlfield>
  <controlfield tag="005">20010322072203.0</controlfield>
  <controlfield tag="008">960103nc acannaabn          |a ana      </controlfield>
  <datafield tag="010" ind1=" " ind2=" ">
    <subfield code="a">nr 96000326 </subfield>
  </datafield>
  <datafield tag="035" ind1=" " ind2=" ">
    <subfield code="a">(OCoLC)oca03983806</subfield>
  </datafield>
  <datafield tag="040" ind1=" " ind2=" ">
    <subfield code="a">DLC-R</subfield>
    <subfield code="b">eng</subfield>
    <subfield code="c">DLC-R</subfield>
    <subfield code="d">OCoLC</subfield>
  </datafield>
  <datafield tag="110" ind1="1" ind2=" ">
    <subfield code="a">China.</subfield>
    <subfield code="t">Laws, etc. (Guo jia xin ban fa gui hui bian : 1993)</subfield>
  </datafield>
  <datafield tag="410" ind1="1" ind2=" ">
    <subfield code="a">China.</subfield>
    <subfield code="t">Guo jia xin ban fa gui hui bian, 1993</subfield>
  </datafield>
  <datafield tag="410" ind1="1" ind2=" ">
    <subfield code="w">nnea</subfield>
    <subfield code="a">China.</subfield>
    <subfield code="t">Laws, etc. (Kuo chia hsin pan fa kuei hui pien : 1993)</subfield>
  </datafield>
  <datafield tag="670" ind1=" " ind2=" ">
    <subfield code="a">Kuo chia hsin pan fa kuei hui pien, 1993, 1994.</subfield>
  </datafield>
</record>